@article {BC1,
    AUTHOR = {Balagovi{\'c}, M. and Chen, H.},
     TITLE = {Representations of rational {C}herednik algebras in positive
              characteristic},
   JOURNAL = {J. Pure Appl. Algebra},
  FJOURNAL = {Journal of Pure and Applied Algebra},
    VOLUME = {217},
      YEAR = {2013},
    NUMBER = {4},
     PAGES = {716--740},
      ISSN = {0022-4049},
     CODEN = {JPAAA2},
   MRCLASS = {16G10 (16S99)},
  MRNUMBER = {2983846},
       DOI = {10.1016/j.jpaa.2012.09.015},
       URL = {http://dx.doi.org/10.1016/j.jpaa.2012.09.015},
}

@article{EG,
AUTHOR = {Etingof, P. and Ginzburg, V.},
YEAR = {2002},
TITLE = {Symplectic reflection algebras, {C}alogero-{M}oser space, and deformed {H}arish-{C}handra isomorphism},
JOURNAL = {Invent. Math.},
VOLUME ={147},
NUMBER = {2},
PAGES = {243--348}
}

@article {BFG,
    AUTHOR = {Bezrukavnikov, R. and Finkelberg, M. and Ginzburg, V.},
     TITLE = {Cherednik algebras and {H}ilbert schemes in characteristic
              {$p$}},
      NOTE = {With an appendix by P. Etingof},
   JOURNAL = {Represent. Theory},
  FJOURNAL = {Representation Theory. An Electronic Journal of the American
              Mathematical Society},
    VOLUME = {10},
      YEAR = {2006},
     PAGES = {254--298},
      ISSN = {1088-4165},
   MRCLASS = {14C05 (14E15 14F05 16S99 18E30)},
  MRNUMBER = {2219114 (2007j:14004)},
MRREVIEWER = {Rapha{\"e}l Rouquier},
       DOI = {10.1090/S1088-4165-06-00309-8},
       URL = {http://dx.doi.org/10.1090/S1088-4165-06-00309-8},
}

@article {CE,
    AUTHOR = {Chmutova, T. and Etingof, P.},
     TITLE = {On some representations of the rational {C}herednik algebra},
   JOURNAL = {Represent. Theory},
  FJOURNAL = {Representation Theory. An Electronic Journal of the American
              Mathematical Society},
    VOLUME = {7},
      YEAR = {2003},
     PAGES = {641--650},
      ISSN = {1088-4165},
   MRCLASS = {16G10 (20C08 20F55)},
  MRNUMBER = {2017070 (2005a:16019)},
MRREVIEWER = {Iain G. Gordon},
       DOI = {10.1090/S1088-4165-03-00214-0},
       URL = {http://dx.doi.org/10.1090/S1088-4165-03-00214-0},
}

@article {DS,
    AUTHOR = {Devadas, S. and Sam, S.},
     TITLE = {Representations of rational {C}herednik algebras of
              {$G(m,r,n)$} in positive characteristic},
   JOURNAL = {J. Commut. Algebra},
  FJOURNAL = {Journal of Commutative Algebra},
    VOLUME = {6},
      YEAR = {2014},
    NUMBER = {4},
     PAGES = {525--559},
      ISSN = {1939-0807},
   MRCLASS = {16G99 (20F55)},
  MRNUMBER = {3294861},
       DOI = {10.1216/JCA-2014-6-4-525},
       URL = {http://dx.doi.org/10.1216/JCA-2014-6-4-525},
}

@misc {L,
AUTHOR = {Lian, C.},
TITLE = {Representations of {C}herednik algebras associated to symmetric and dihedral groups in positive characteristic},
YEAR = {preprint, 2012},
NOTE = {\url{http://arxiv.org/abs/1207.0182v1}}
}

@misc {EM,
AUTHOR = {Etingof, P. and Ma, X.},
TITLE = {Lecture notes on {C}herednik algebras},
YEAR = {2010},
NOTE = {\url{http://arxiv.org/abs/1001.0432v4}}
}

@article {BEG,
    AUTHOR = {Berest, Y. and Etingof, P. and Ginzburg, V.},
     TITLE = {Finite-dimensional representations of rational {C}herednik
              algebras},
   JOURNAL = {Int. Math. Res. Not.},
  FJOURNAL = {International Mathematics Research Notices},
      YEAR = {2003},
    NUMBER = {19},
     PAGES = {1053--1088},
      ISSN = {1073-7928},
   MRCLASS = {16S32 (16G10 20C08)},
  MRNUMBER = {1961261 (2004h:16027)},
MRREVIEWER = {Olivier G. Schiffmann},
       DOI = {10.1155/S1073792803210205},
       URL = {http://dx.doi.org/10.1155/S1073792803210205},
}